@article{scott2018role,
  title={The role of herbivory in structuring tropical seagrass ecosystem service delivery},
  author={Scott, Abigail L and York, Paul H and Duncan, Clare and Macreadie, Peter I and Connolly, Rod M and Ellis, Megan T and Jarvis, Jessie C and Jinks, Kristin I and Marsh, Helene and Rasheed, Michael A},
  journal={Frontiers in Plant Science},
  volume={9},
  pages={127},
  year={2018},
  publisher={Frontiers Media SA}
}

@article{ramesh2020seagrass,
  title={Seagrass Ecosystems of Andaman and Nicobar Islands: Status and Future Perspective.},
  author={Ramesh, Chatragadda and Mohanraju, Raju},
  journal={Environmental \& Earth Sciences Research Journal},
  volume={7},
  number={4},
  year={2020}
}

@article{unsworth2022planetary,
  title={The planetary role of seagrass conservation},
  author={Unsworth, Richard KF and Cullen-Unsworth, Leanne C and Jones, Benjamin LH and Lilley, Richard J},
  journal={Science},
  volume={377},
  number={6606},
  pages={609--613},
  year={2022},
  publisher={American Association for the Advancement of Science}
}

@article{sousa2019blue,
  title={Blue Carbon stock in Zostera noltei meadows at Ria de Aveiro coastal lagoon (Portugal) over a decade},
  author={Sousa, Ana I and da Silva, Jos{\'e} Figueiredo and Azevedo, Ana and Lilleb{\o}, Ana I},
  journal={Scientific reports},
  volume={9},
  number={1},
  pages={14387},
  year={2019},
  publisher={Nature Publishing Group UK London}
}

@article{zoffoli2021decadal,
  title={Decadal increase in the ecological status of a North-Atlantic intertidal seagrass meadow observed with multi-mission satellite time-series},
  author={Zoffoli, Maria Laura and Gernez, Pierre and Godet, Laurent and Peters, Steef and Oiry, Simon and Barill{\'e}, Laurent},
  journal={Ecological Indicators},
  volume={130},
  pages={108033},
  year={2021},
  publisher={Elsevier}
}

@inproceedings{gardner2018global,
  title={Global wetland outlook: state of the worldâ€™s wetlands and their services to people},
  author={Gardner, Royal C and Finlayson, C},
  booktitle={Ramsar convention secretariat},
  pages={2020--5},
  year={2018}
}

@article{zoffoli2023remote,
  title={Remote sensing in seagrass ecology: coupled dynamics between migratory herbivorous birds and intertidal meadows observed by satellite during four decades},
  author={Zoffoli, Maria Laura and Gernez, Pierre and Oiry, Simon and Godet, Laurent and Dalloyau, S{\'e}bastien and Davies, Bede Ffinian Rowe and Barill{\'e}, Laurent},
  journal={Remote Sensing in Ecology and Conservation},
  volume={9},
  number={3},
  pages={420--433},
  year={2023},
  publisher={Wiley Online Library}
}

@article{jankowska2019stabilizing,
  title={Stabilizing effects of seagrass meadows on coastal water benthic food webs},
  author={Jankowska, Emilia and Michel, Lo{\"\i}c N and Lepoint, Gilles and W{\l}odarska-Kowalczuk, Maria},
  journal={Journal of Experimental Marine Biology and Ecology},
  volume={510},
  pages={54--63},
  year={2019},
  publisher={Elsevier}
}